% Encoding: UTF-8


@Article{Devrac2014,
  Title                    = {GaN Riemann Pump},
  Author                   = {Devrac},
  Journal                  = {IEE Journal on Computers and Digital Techniques},
  Year                     = {2014}
}

@Article{Devrac2015,
  Title                    = {GaN Riemann Pump},
  Author                   = {Devrac, Rivet},
  Journal                  = {EuMW},
  Year                     = {2015}
}

@Article{MaksimovicPaper,
  Title                    = {High-Frequency Integrated Gate Drivers for Half-Bridge GaN Power Stage},
  Author                   = {Y. Zhang, M. Rodriguez, D. Maksimovic},
  Journal                  = {Workshop on Control and Modeling for Power Electronics (COMPEL)},
  Year                     = {2015}
}